<record><leader>00000cas a2200000 a 4500</leader><controlfield tag="001">15200399</controlfield><controlfield tag="008">870216d18661870iluwr ne      0   a0eng c</controlfield><datafield ind1=" " ind2=" " tag="010"><subfield code="a">sn 87082192 </subfield></datafield><datafield ind1=" " ind2=" " tag="040"><subfield code="a">NPV</subfield><subfield code="b">eng</subfield><subfield code="c">NPV</subfield><subfield code="d">NVF</subfield><subfield code="d">CVF</subfield><subfield code="d">NVF</subfield><subfield code="d">OCLCQ</subfield><subfield code="d">OCLCF</subfield><subfield code="d">NVF</subfield><subfield code="d">OCLCO</subfield></datafield><datafield ind1="1" ind2=" " tag="029"><subfield code="a">AU@</subfield><subfield code="b">000020442850</subfield></datafield><datafield ind1=" " ind2=" " tag="042"><subfield code="a">pcc</subfield></datafield><datafield ind1=" " ind2=" " tag="043"><subfield code="a">n-us-il</subfield></datafield><datafield ind1="0" ind2=" " tag="130"><subfield code="a">Lee County journal (Amboy, Ill.)</subfield></datafield><datafield ind1="1" ind2="4" tag="245"><subfield code="a">The Lee County journal.</subfield></datafield><datafield ind1=" " ind2=" " tag="260"><subfield code="a">Amboy, Ill. :</subfield><subfield code="b">A.J. Goff [&amp;] B.F. Shaw</subfield></datafield><datafield ind1=" " ind2=" " tag="300"><subfield code="a">v.</subfield></datafield><datafield ind1=" " ind2=" " tag="310"><subfield code="a">Weekly</subfield></datafield><datafield ind1="1" ind2=" " tag="362"><subfield code="a">Began in 1866; ceased in Oct. 1870.</subfield></datafield><datafield ind1=" " ind2=" " tag="588"><subfield code="a">Description based on: New ser., v. 1, no. 4 (Mar. 17, 1866).</subfield></datafield><datafield ind1=" " ind2=" " tag="588"><subfield code="a">Latest issue consulted: Vol. 5, no. 30 (Oct. 6, 1870).</subfield></datafield><datafield ind1=" " ind2="0" tag="651"><subfield code="a">Amboy (Ill.)</subfield><subfield code="v">Newspapers.</subfield></datafield><datafield ind1=" " ind2="0" tag="651"><subfield code="a">Lee County (Ill.)</subfield><subfield code="v">Newspapers.</subfield></datafield><datafield ind1=" " ind2="7" tag="651"><subfield code="a">Illinois</subfield><subfield code="z">Amboy.</subfield><subfield code="2">fast</subfield><subfield code="0">(OCoLC)fst01250615</subfield></datafield><datafield ind1=" " ind2="7" tag="651"><subfield code="a">Illinois</subfield><subfield code="z">Lee County.</subfield><subfield code="2">fast</subfield><subfield code="0">(OCoLC)fst01231397</subfield></datafield><datafield ind1=" " ind2="7" tag="655"><subfield code="a">Newspapers.</subfield><subfield code="2">fast</subfield><subfield code="0">(OCoLC)fst01423814</subfield></datafield><datafield ind1=" " ind2=" " tag="752"><subfield code="a">United States</subfield><subfield code="b">Illinois</subfield><subfield code="c">Lee</subfield><subfield code="d">Amboy.</subfield></datafield><datafield ind1="0" ind2="0" tag="780"><subfield code="t">Amboy times</subfield><subfield code="w">(DLC)sn 84038341</subfield><subfield code="w">(OCoLC)11279585</subfield></datafield><datafield ind1="0" ind2="0" tag="785"><subfield code="t">Amboy journal</subfield><subfield code="w">(DLC)sn 85033348</subfield><subfield code="w">(OCoLC)11897722</subfield></datafield></record>